<record><leader>00000cas a2200000 a 4500</leader><controlfield tag="001">9709571</controlfield><controlfield tag="008">830716d18531857ohuwr ne      0    0eng c</controlfield><datafield ind1=" " ind2=" " tag="010"><subfield code="a">sn 83035348 </subfield></datafield><datafield ind1=" " ind2=" " tag="040"><subfield code="a">NPY</subfield><subfield code="b">eng</subfield><subfield code="c">NPY</subfield><subfield code="d">ONP</subfield><subfield code="d">NVF</subfield><subfield code="d">OCLCQ</subfield><subfield code="d">OCLCF</subfield><subfield code="d">OCLCO</subfield></datafield><datafield ind1=" " ind2=" " tag="042"><subfield code="a">pcc</subfield></datafield><datafield ind1=" " ind2=" " tag="043"><subfield code="a">n-us-oh</subfield></datafield><datafield ind1="0" ind2=" " tag="130"><subfield code="a">Hamilton telegraph (Hamilton, Ohio : 1853)</subfield></datafield><datafield ind1="1" ind2="0" tag="245"><subfield code="a">Hamilton telegraph.</subfield></datafield><datafield ind1=" " ind2=" " tag="260"><subfield code="a">Hamilton, Ohio :</subfield><subfield code="b">W.R. Kinder,</subfield><subfield code="c">1853-1857.</subfield></datafield><datafield ind1=" " ind2=" " tag="300"><subfield code="a">v.</subfield></datafield><datafield ind1=" " ind2=" " tag="310"><subfield code="a">Weekly</subfield></datafield><datafield ind1="0" ind2=" " tag="362"><subfield code="a">New ser., v. 26, no. 40 (Aug. 11, 1853)-New ser., v. 31, no. 9 (Dec. 31, 1857).</subfield></datafield><datafield ind1=" " ind2=" " tag="500"><subfield code="a">"Organ of the Butler County democracy."</subfield></datafield><datafield ind1=" " ind2=" " tag="500"><subfield code="a">Continues the numbering of the Hamilton weekly telegraph.</subfield></datafield><datafield ind1=" " ind2=" " tag="500"><subfield code="a">Publisher varies.</subfield></datafield><datafield ind1=" " ind2="0" tag="651"><subfield code="a">Hamilton (Ohio)</subfield><subfield code="v">Newspapers.</subfield></datafield><datafield ind1=" " ind2="0" tag="651"><subfield code="a">Butler County (Ohio)</subfield><subfield code="v">Newspapers.</subfield></datafield><datafield ind1=" " ind2="7" tag="655"><subfield code="a">Newspapers.</subfield><subfield code="2">fast</subfield><subfield code="0">(OCoLC)fst01423814</subfield></datafield><datafield ind1=" " ind2="7" tag="651"><subfield code="a">Ohio</subfield><subfield code="z">Butler County.</subfield><subfield code="2">fast</subfield><subfield code="0">(OCoLC)fst01207486</subfield></datafield><datafield ind1=" " ind2="7" tag="651"><subfield code="a">Ohio</subfield><subfield code="z">Hamilton.</subfield><subfield code="2">fast</subfield><subfield code="0">(OCoLC)fst01202779</subfield></datafield><datafield ind1=" " ind2=" " tag="752"><subfield code="a">United States</subfield><subfield code="b">Ohio</subfield><subfield code="c">Butler</subfield><subfield code="d">Hamilton.</subfield></datafield><datafield ind1="0" ind2="0" tag="780"><subfield code="t">Hamilton weekly telegraph</subfield><subfield code="w">(DLC)sn 83035347</subfield></datafield><datafield ind1="0" ind2="0" tag="785"><subfield code="t">Weekly Hamilton telegraph</subfield><subfield code="w">(DLC)sn 83035349</subfield></datafield></record>